%YAML 1.1
%TAG !u! tag:unity3d.com,2011:
--- !u!29 &1
SceneSettings:
  m_ObjectHideFlags: 0
  m_PVSData: 
  m_QueryMode: 1
  m_PVSObjectsArray: []
  m_PVSPortalsArray: []
  m_OcclusionBakeSettings:
    viewCellSize: 1
    bakeMode: 2
    memoryUsage: 10485760
--- !u!104 &2
RenderSettings:
  m_Fog: 0
  m_FogColor: {r: .5, g: .5, b: .5, a: 1}
  m_FogMode: 3
  m_FogDensity: .00999999978
  m_LinearFogStart: 0
  m_LinearFogEnd: 300
  m_AmbientLight: {r: .200000003, g: .200000003, b: .200000003, a: 1}
  m_SkyboxMaterial: {fileID: 0}
  m_HaloStrength: .5
  m_FlareStrength: 1
  m_HaloTexture: {fileID: 0}
  m_SpotCookie: {fileID: 0}
  m_ObjectHideFlags: 0
--- !u!127 &3
LevelGameManager:
  m_ObjectHideFlags: 0
--- !u!157 &4
LightmapSettings:
  m_ObjectHideFlags: 0
  m_LightProbes: {fileID: 0}
  m_Lightmaps: []
  m_LightmapsMode: 1
  m_BakedColorSpace: 0
  m_UseDualLightmapsInForward: 0
  m_LightmapEditorSettings:
    m_Resolution: 50
    m_LastUsedResolution: 0
    m_TextureWidth: 1024
    m_TextureHeight: 1024
    m_BounceBoost: 1
    m_BounceIntensity: 1
    m_SkyLightColor: {r: .860000014, g: .930000007, b: 1, a: 1}
    m_SkyLightIntensity: 0
    m_Quality: 0
    m_Bounces: 1
    m_FinalGatherRays: 1000
    m_FinalGatherContrastThreshold: .0500000007
    m_FinalGatherGradientThreshold: 0
    m_FinalGatherInterpolationPoints: 15
    m_AOAmount: 0
    m_AOMaxDistance: .100000001
    m_AOContrast: 1
    m_LODSurfaceMappingDistance: 1
    m_Padding: 0
    m_TextureCompression: 0
    m_LockAtlas: 0
--- !u!196 &5
NavMeshSettings:
  m_ObjectHideFlags: 0
  m_BuildSettings:
    agentRadius: .5
    agentHeight: 2
    agentSlope: 45
    agentClimb: .400000006
    ledgeDropHeight: 0
    maxJumpAcrossDistance: 0
    accuratePlacement: 0
    minRegionArea: 2
    widthInaccuracy: 16.666666
    heightInaccuracy: 10
  m_NavMesh: {fileID: 0}
--- !u!1 &25612819
GameObject:
  m_ObjectHideFlags: 0
  m_PrefabParentObject: {fileID: 100000, guid: c657845ae0a9f1840a7db22a5dca1047, type: 2}
  m_PrefabInternal: {fileID: 895802287}
  serializedVersion: 4
  m_Component:
  - 4: {fileID: 25612821}
  - 108: {fileID: 25612820}
  m_Layer: 0
  m_Name: Directional light
  m_TagString: Untagged
  m_Icon: {fileID: 0}
  m_NavMeshLayer: 0
  m_StaticEditorFlags: 0
  m_IsActive: 1
--- !u!108 &25612820
Light:
  m_ObjectHideFlags: 0
  m_PrefabParentObject: {fileID: 10800000, guid: c657845ae0a9f1840a7db22a5dca1047,
    type: 2}
  m_PrefabInternal: {fileID: 895802287}
  m_GameObject: {fileID: 25612819}
  m_Enabled: 1
  serializedVersion: 3
  m_Type: 1
  m_Color: {r: .838235259, g: .966531396, b: 1, a: 1}
  m_Intensity: .419999987
  m_Range: 10
  m_SpotAngle: 30
  m_CookieSize: 10
  m_Shadows:
    m_Type: 0
    m_Resolution: -1
    m_Strength: 1
    m_Bias: .0500000007
    m_Softness: 4
    m_SoftnessFade: 1
  m_Cookie: {fileID: 0}
  m_DrawHalo: 0
  m_ActuallyLightmapped: 0
  m_Flare: {fileID: 0}
  m_RenderMode: 0
  m_CullingMask:
    serializedVersion: 2
    m_Bits: 4294967295
  m_Lightmapping: 1
  m_ShadowSamples: 1
  m_ShadowRadius: 0
  m_ShadowAngle: 0
  m_IndirectIntensity: 1
  m_AreaSize: {x: 1, y: 1}
--- !u!4 &25612821
Transform:
  m_ObjectHideFlags: 0
  m_PrefabParentObject: {fileID: 400000, guid: c657845ae0a9f1840a7db22a5dca1047, type: 2}
  m_PrefabInternal: {fileID: 895802287}
  m_GameObject: {fileID: 25612819}
  m_LocalRotation: {x: .898714364, y: -.0948575437, z: .240809828, w: .354012996}
  m_LocalPosition: {x: -63.3466301, y: 56.1573715, z: 64.4548721}
  m_LocalScale: {x: 1, y: 1, z: 1}
  m_Children: []
  m_Father: {fileID: 0}
--- !u!1001 &441069905
Prefab:
  m_ObjectHideFlags: 0
  serializedVersion: 2
  m_Modification:
    m_TransformParent: {fileID: 0}
    m_Modifications:
    - target: {fileID: 400000, guid: 260a24413ebaccc43b33efdc2ef391a6, type: 2}
      propertyPath: m_LocalPosition.x
      value: 0
      objectReference: {fileID: 0}
    - target: {fileID: 400000, guid: 260a24413ebaccc43b33efdc2ef391a6, type: 2}
      propertyPath: m_LocalPosition.y
      value: 0
      objectReference: {fileID: 0}
    - target: {fileID: 400000, guid: 260a24413ebaccc43b33efdc2ef391a6, type: 2}
      propertyPath: m_LocalPosition.z
      value: 0
      objectReference: {fileID: 0}
    - target: {fileID: 400000, guid: 260a24413ebaccc43b33efdc2ef391a6, type: 2}
      propertyPath: m_LocalRotation.x
      value: 0
      objectReference: {fileID: 0}
    - target: {fileID: 400000, guid: 260a24413ebaccc43b33efdc2ef391a6, type: 2}
      propertyPath: m_LocalRotation.y
      value: 0
      objectReference: {fileID: 0}
    - target: {fileID: 400000, guid: 260a24413ebaccc43b33efdc2ef391a6, type: 2}
      propertyPath: m_LocalRotation.z
      value: 0
      objectReference: {fileID: 0}
    - target: {fileID: 400000, guid: 260a24413ebaccc43b33efdc2ef391a6, type: 2}
      propertyPath: m_LocalRotation.w
      value: 1
      objectReference: {fileID: 0}
    m_RemovedComponents: []
  m_ParentPrefab: {fileID: 100100000, guid: 260a24413ebaccc43b33efdc2ef391a6, type: 2}
  m_RootGameObject: {fileID: 1349263442}
  m_IsPrefabParent: 0
  m_IsExploded: 1
--- !u!1 &734921251
GameObject:
  m_ObjectHideFlags: 0
  m_PrefabParentObject: {fileID: 0}
  m_PrefabInternal: {fileID: 0}
  serializedVersion: 4
  m_Component:
  - 4: {fileID: 734921256}
  - 20: {fileID: 734921255}
  - 92: {fileID: 734921254}
  - 124: {fileID: 734921253}
  - 81: {fileID: 734921252}
  - 114: {fileID: 734921257}
  m_Layer: 0
  m_Name: Main Camera
  m_TagString: MainCamera
  m_Icon: {fileID: 0}
  m_NavMeshLayer: 0
  m_StaticEditorFlags: 0
  m_IsActive: 1
--- !u!81 &734921252
AudioListener:
  m_ObjectHideFlags: 0
  m_PrefabParentObject: {fileID: 0}
  m_PrefabInternal: {fileID: 0}
  m_GameObject: {fileID: 734921251}
  m_Enabled: 1
--- !u!124 &734921253
Behaviour:
  m_ObjectHideFlags: 0
  m_PrefabParentObject: {fileID: 0}
  m_PrefabInternal: {fileID: 0}
  m_GameObject: {fileID: 734921251}
  m_Enabled: 1
--- !u!92 &734921254
Behaviour:
  m_ObjectHideFlags: 0
  m_PrefabParentObject: {fileID: 0}
  m_PrefabInternal: {fileID: 0}
  m_GameObject: {fileID: 734921251}
  m_Enabled: 1
--- !u!20 &734921255
Camera:
  m_ObjectHideFlags: 0
  m_PrefabParentObject: {fileID: 0}
  m_PrefabInternal: {fileID: 0}
  m_GameObject: {fileID: 734921251}
  m_Enabled: 1
  serializedVersion: 2
  m_ClearFlags: 1
  m_BackGroundColor: {r: .192156866, g: .301960796, b: .474509805, a: .0196078438}
  m_NormalizedViewPortRect:
    serializedVersion: 2
    x: 0
    y: 0
    width: 1
    height: 1
  near clip plane: .300000012
  far clip plane: 1000
  field of view: 60
  orthographic: 1
  orthographic size: 6
  m_Depth: -1
  m_CullingMask:
    serializedVersion: 2
    m_Bits: 4294967295
  m_RenderingPath: -1
  m_TargetTexture: {fileID: 0}
  m_HDR: 0
--- !u!4 &734921256
Transform:
  m_ObjectHideFlags: 0
  m_PrefabParentObject: {fileID: 0}
  m_PrefabInternal: {fileID: 0}
  m_GameObject: {fileID: 734921251}
  m_LocalRotation: {x: 0, y: 0, z: 0, w: 1}
  m_LocalPosition: {x: 0, y: 1, z: -10}
  m_LocalScale: {x: 1, y: 1, z: 1}
  m_Children: []
  m_Father: {fileID: 0}
--- !u!114 &734921257
MonoBehaviour:
  m_ObjectHideFlags: 0
  m_PrefabParentObject: {fileID: 0}
  m_PrefabInternal: {fileID: 0}
  m_GameObject: {fileID: 734921251}
  m_Enabled: 1
  m_EditorHideFlags: 0
  m_Script: {fileID: 11500000, guid: 74185b91eb3f1f44394336fb7f86d0e8, type: 3}
  m_Name: 
  m_EditorClassIdentifier: 
--- !u!1001 &753125629
Prefab:
  m_ObjectHideFlags: 0
  serializedVersion: 2
  m_Modification:
    m_TransformParent: {fileID: 0}
    m_Modifications:
    - target: {fileID: 400000, guid: e170386206607e74ea5c0f751d095df5, type: 2}
      propertyPath: m_LocalPosition.x
      value: 0
      objectReference: {fileID: 0}
    - target: {fileID: 400000, guid: e170386206607e74ea5c0f751d095df5, type: 2}
      propertyPath: m_LocalPosition.y
      value: 14.0595245
      objectReference: {fileID: 0}
    - target: {fileID: 400000, guid: e170386206607e74ea5c0f751d095df5, type: 2}
      propertyPath: m_LocalPosition.z
      value: 0
      objectReference: {fileID: 0}
    - target: {fileID: 400000, guid: e170386206607e74ea5c0f751d095df5, type: 2}
      propertyPath: m_LocalRotation.x
      value: -.321625769
      objectReference: {fileID: 0}
    - target: {fileID: 400000, guid: e170386206607e74ea5c0f751d095df5, type: 2}
      propertyPath: m_LocalRotation.y
      value: .340538919
      objectReference: {fileID: 0}
    - target: {fileID: 400000, guid: e170386206607e74ea5c0f751d095df5, type: 2}
      propertyPath: m_LocalRotation.z
      value: -.309599012
      objectReference: {fileID: 0}
    - target: {fileID: 400000, guid: e170386206607e74ea5c0f751d095df5, type: 2}
      propertyPath: m_LocalRotation.w
      value: -.827489316
      objectReference: {fileID: 0}
    m_RemovedComponents: []
  m_ParentPrefab: {fileID: 100100000, guid: e170386206607e74ea5c0f751d095df5, type: 2}
  m_RootGameObject: {fileID: 919594142}
  m_IsPrefabParent: 0
  m_IsExploded: 1
--- !u!1001 &895802287
Prefab:
  m_ObjectHideFlags: 0
  serializedVersion: 2
  m_Modification:
    m_TransformParent: {fileID: 0}
    m_Modifications:
    - target: {fileID: 400000, guid: c657845ae0a9f1840a7db22a5dca1047, type: 2}
      propertyPath: m_LocalPosition.x
      value: -63.3466301
      objectReference: {fileID: 0}
    - target: {fileID: 400000, guid: c657845ae0a9f1840a7db22a5dca1047, type: 2}
      propertyPath: m_LocalPosition.y
      value: 56.1573715
      objectReference: {fileID: 0}
    - target: {fileID: 400000, guid: c657845ae0a9f1840a7db22a5dca1047, type: 2}
      propertyPath: m_LocalPosition.z
      value: 64.4548721
      objectReference: {fileID: 0}
    - target: {fileID: 400000, guid: c657845ae0a9f1840a7db22a5dca1047, type: 2}
      propertyPath: m_LocalRotation.x
      value: .898714364
      objectReference: {fileID: 0}
    - target: {fileID: 400000, guid: c657845ae0a9f1840a7db22a5dca1047, type: 2}
      propertyPath: m_LocalRotation.y
      value: -.0948575437
      objectReference: {fileID: 0}
    - target: {fileID: 400000, guid: c657845ae0a9f1840a7db22a5dca1047, type: 2}
      propertyPath: m_LocalRotation.z
      value: .240809828
      objectReference: {fileID: 0}
    - target: {fileID: 400000, guid: c657845ae0a9f1840a7db22a5dca1047, type: 2}
      propertyPath: m_LocalRotation.w
      value: .354012996
      objectReference: {fileID: 0}
    m_RemovedComponents: []
  m_ParentPrefab: {fileID: 100100000, guid: c657845ae0a9f1840a7db22a5dca1047, type: 2}
  m_RootGameObject: {fileID: 25612819}
  m_IsPrefabParent: 0
  m_IsExploded: 1
--- !u!1 &919594142
GameObject:
  m_ObjectHideFlags: 0
  m_PrefabParentObject: {fileID: 100000, guid: e170386206607e74ea5c0f751d095df5, type: 2}
  m_PrefabInternal: {fileID: 753125629}
  serializedVersion: 4
  m_Component:
  - 4: {fileID: 919594144}
  - 108: {fileID: 919594143}
  m_Layer: 0
  m_Name: Point light
  m_TagString: Untagged
  m_Icon: {fileID: 0}
  m_NavMeshLayer: 0
  m_StaticEditorFlags: 0
  m_IsActive: 1
--- !u!108 &919594143
Light:
  m_ObjectHideFlags: 0
  m_PrefabParentObject: {fileID: 10800000, guid: e170386206607e74ea5c0f751d095df5,
    type: 2}
  m_PrefabInternal: {fileID: 753125629}
  m_GameObject: {fileID: 919594142}
  m_Enabled: 1
  serializedVersion: 3
  m_Type: 1
  m_Color: {r: .894195199, g: .911764681, b: .844723165, a: 1}
  m_Intensity: 1
  m_Range: 100
  m_SpotAngle: 30
  m_CookieSize: 10
  m_Shadows:
    m_Type: 1
    m_Resolution: 3
    m_Strength: 1
    m_Bias: .0500000007
    m_Softness: 4
    m_SoftnessFade: 1
  m_Cookie: {fileID: 0}
  m_DrawHalo: 0
  m_ActuallyLightmapped: 0
  m_Flare: {fileID: 0}
  m_RenderMode: 0
  m_CullingMask:
    serializedVersion: 2
    m_Bits: 4294967295
  m_Lightmapping: 1
  m_ShadowSamples: 1
  m_ShadowRadius: 0
  m_ShadowAngle: 0
  m_IndirectIntensity: 1
  m_AreaSize: {x: 1, y: 1}
--- !u!4 &919594144
Transform:
  m_ObjectHideFlags: 0
  m_PrefabParentObject: {fileID: 400000, guid: e170386206607e74ea5c0f751d095df5, type: 2}
  m_PrefabInternal: {fileID: 753125629}
  m_GameObject: {fileID: 919594142}
  m_LocalRotation: {x: -.321625769, y: .340538919, z: -.309599012, w: -.827489316}
  m_LocalPosition: {x: 0, y: 14.0595245, z: 0}
  m_LocalScale: {x: 1, y: 1, z: 1}
  m_Children: []
  m_Father: {fileID: 0}
--- !u!1 &1349263442
GameObject:
  m_ObjectHideFlags: 0
  m_PrefabParentObject: {fileID: 100000, guid: 260a24413ebaccc43b33efdc2ef391a6, type: 2}
  m_PrefabInternal: {fileID: 441069905}
  serializedVersion: 4
  m_Component:
  - 4: {fileID: 1349263445}
  - 65: {fileID: 1349263444}
  - 114: {fileID: 1349263443}
  m_Layer: 0
  m_Name: HashGenerator
  m_TagString: CheckCollider
  m_Icon: {fileID: 0}
  m_NavMeshLayer: 0
  m_StaticEditorFlags: 0
  m_IsActive: 1
--- !u!114 &1349263443
MonoBehaviour:
  m_ObjectHideFlags: 0
  m_PrefabParentObject: {fileID: 11400000, guid: 260a24413ebaccc43b33efdc2ef391a6,
    type: 2}
  m_PrefabInternal: {fileID: 441069905}
  m_GameObject: {fileID: 1349263442}
  m_Enabled: 1
  m_EditorHideFlags: 0
  m_Script: {fileID: 11500000, guid: 35da12edc53758f41b53a5cb4853e67b, type: 3}
  m_Name: 
  m_EditorClassIdentifier: 
--- !u!65 &1349263444
BoxCollider:
  m_ObjectHideFlags: 0
  m_PrefabParentObject: {fileID: 6500000, guid: 260a24413ebaccc43b33efdc2ef391a6,
    type: 2}
  m_PrefabInternal: {fileID: 441069905}
  m_GameObject: {fileID: 1349263442}
  m_Material: {fileID: 0}
  m_IsTrigger: 1
  m_Enabled: 1
  serializedVersion: 2
  m_Size: {x: .200000003, y: .200000003, z: .200000003}
  m_Center: {x: 0, y: 0, z: 0}
--- !u!4 &1349263445
Transform:
  m_ObjectHideFlags: 0
  m_PrefabParentObject: {fileID: 400000, guid: 260a24413ebaccc43b33efdc2ef391a6, type: 2}
  m_PrefabInternal: {fileID: 441069905}
  m_GameObject: {fileID: 1349263442}
  m_LocalRotation: {x: 0, y: 0, z: 0, w: 1}
  m_LocalPosition: {x: 0, y: 0, z: 0}
  m_LocalScale: {x: 1, y: 1, z: 1}
  m_Children: []
  m_Father: {fileID: 0}
